%% This BibTeX bibliography file was created using BibDesk.
%% http://bibdesk.sourceforge.net/

%% Created for Justin May at 2020-08-05 14:19:58 -0700 


%% Saved with string encoding Unicode (UTF-8) 



@webpage{pcds_pcav_confluence,
	Date-Added = {2020-08-05 14:17:58 -0700},
	Date-Modified = {2020-08-05 14:18:44 -0700},
	Keywords = {pcav},
	Url = {https://confluence.slac.stanford.edu/pages/viewpage.action?spaceKey=PCDS&title=IOC+Manager+User+Guide}}
